<?xml version="1.0" encoding="UTF-8"?><collection xmlns="http://www.loc.gov/MARC21/slim"><record><leader>00574nam--2200193-i-4500</leader><controlfield tag="001">000017864</controlfield><controlfield tag="002">20161230</controlfield><controlfield tag="005">20161230201032</controlfield><controlfield tag="008">060222s1000------------r-----000-0-eng-d</controlfield><datafield ind1=" " ind2=" " tag="040"><subfield code="a">IFIN-HH</subfield></datafield><datafield ind1=" " ind2=" " tag="080"><subfield code="a">621.375.826</subfield></datafield><datafield ind1="1" ind2=" " tag="100"><subfield code="a">Milonni, Peter W</subfield></datafield><datafield ind1="1" ind2="0" tag="245"><subfield code="a">Chaos in laser-matter interactions</subfield><subfield code="c">Peter w. milonni, mei-li shih, jay r. ackerhalt</subfield></datafield><datafield ind1=" " ind2=" " tag="260"><subfield code="a">Singapore</subfield><subfield code="b">World Scientific</subfield><subfield code="c">1987</subfield></datafield><datafield ind1=" " ind2=" " tag="300"><subfield code="a">XI + 369 P</subfield></datafield><datafield ind1=" " ind2=" " tag="490"><subfield code="a">World Scientific Lecture Notes In Physics. Vol. 6</subfield></datafield><datafield ind1="1" ind2=" " tag="700"><subfield code="a">Ackerhalt, Jay R</subfield></datafield><datafield ind1=" " ind2=" " tag="852"><subfield code="a">74723</subfield><subfield code="c">53</subfield></datafield><datafield ind1=" " ind2=" " tag="CAT"><subfield code="a">Sys</subfield><subfield code="c">20150811</subfield><subfield code="h">135625</subfield></datafield></record></collection>